<record><leader>00000cas a22000007a 4500</leader><controlfield tag="001">10587684</controlfield><controlfield tag="008">840403d1895189uohudn ne      0    0eng d</controlfield><datafield ind1=" " ind2=" " tag="010"><subfield code="a">sn 84028196 </subfield></datafield><datafield ind1=" " ind2=" " tag="040"><subfield code="a">NPY</subfield><subfield code="b">eng</subfield><subfield code="c">NPY</subfield><subfield code="d">ONP</subfield><subfield code="d">OCLCQ</subfield></datafield><datafield ind1=" " ind2=" " tag="042"><subfield code="a">msc</subfield></datafield><datafield ind1="0" ind2="0" tag="245"><subfield code="a">Painesville daily journal.</subfield></datafield><datafield ind1=" " ind2=" " tag="260"><subfield code="a">Painesville [Ohio :</subfield><subfield code="b">J.E. Chambers],</subfield><subfield code="c">1895-</subfield></datafield><datafield ind1=" " ind2=" " tag="300"><subfield code="a">v.</subfield></datafield><datafield ind1=" " ind2=" " tag="310"><subfield code="a">Daily (except Sun.)</subfield></datafield><datafield ind1="0" ind2=" " tag="362"><subfield code="a">N.s., v. 3, no. 1 (Mar. 9 [i.e. 11], 1985 [i.e. 1895])-</subfield></datafield><datafield ind1=" " ind2=" " tag="500"><subfield code="a">"A Democratic family newspaper."</subfield></datafield><datafield ind1=" " ind2=" " tag="515"><subfield code="a">N.s., v. 3, no. 1-2 (Mar. 11-12, 1895) misdated 1985.</subfield></datafield><datafield ind1=" " ind2=" " tag="580"><subfield code="a">Weekly eds.: Northern Ohio journal (Painesville, Ohio : 1872), 1895-1896, and: Chambers' journal (Painesville, Ohio), 1897.</subfield></datafield><datafield ind1=" " ind2="4" tag="651"><subfield code="a">Painesville (Ohio)</subfield><subfield code="v">Newspapers.</subfield></datafield><datafield ind1=" " ind2="4" tag="651"><subfield code="a">Lake County (Ohio)</subfield><subfield code="v">Newspapers.</subfield></datafield><datafield ind1=" " ind2=" " tag="752"><subfield code="a">United States</subfield><subfield code="b">Ohio</subfield><subfield code="c">Lake</subfield><subfield code="d">Painesville.</subfield></datafield><datafield ind1="1" ind2=" " tag="775"><subfield code="t">Northern Ohio journal (Painesville, Ohio : 1872)</subfield><subfield code="w">(DLC)sn 84028194</subfield></datafield><datafield ind1="1" ind2=" " tag="775"><subfield code="t">Chambers' journal (Painesville, Ohio)</subfield><subfield code="w">(DLC)sn 84028197</subfield></datafield><datafield ind1="0" ind2="0" tag="780"><subfield code="t">Daily Painesville journal</subfield><subfield code="w">(DLC)sn 84028195</subfield></datafield><datafield ind1="1" ind2=" " tag="029"><subfield code="a">AU@</subfield><subfield code="b">000020544442</subfield></datafield></record>